<?xml version="1.0" encoding="UTF-8"?><collection xmlns="http://www.loc.gov/MARC21/slim"><record><leader>00523nam--2200181-i-4500</leader><controlfield tag="001">000043515</controlfield><controlfield tag="002">20161230</controlfield><controlfield tag="005">20170221013043</controlfield><controlfield tag="008">060222s1000------------r-----000-0-eng-d</controlfield><datafield ind1=" " ind2=" " tag="040"><subfield code="a">IFIN-HH</subfield></datafield><datafield ind1=" " ind2=" " tag="080"><subfield code="a">53/54(03)</subfield></datafield><datafield ind1="1" ind2=" " tag="100"><subfield code="a">Kaye, G. W. C</subfield></datafield><datafield ind1="1" ind2="0" tag="245"><subfield code="a">Tables of physical and chemical constants and some mathematical functions</subfield><subfield code="c">G. W. C. Kaye, T. H. Laby</subfield></datafield><datafield ind1=" " ind2=" " tag="260"><subfield code="a">London</subfield><subfield code="b">Longmans, Green And Co</subfield><subfield code="c">1959</subfield></datafield><datafield ind1=" " ind2=" " tag="300"><subfield code="a">VIII + 231 p</subfield></datafield><datafield ind1="1" ind2=" " tag="700"><subfield code="a">Laby, T. H</subfield></datafield><datafield ind1=" " ind2=" " tag="852"><subfield code="a">16296</subfield><subfield code="c">53.081</subfield></datafield><datafield ind1=" " ind2=" " tag="CAT"><subfield code="a">SYS</subfield><subfield code="c">20170221</subfield><subfield code="h">013043</subfield></datafield></record></collection>